 @article{Koo_Jo_Kwon_2013,
  title    = {Square Root Algorithm in Fq for Special Class of Finite Fields},
  volume   = {38A},
  issn     = {1226-4717},
  url      = {http://koreascience.or.kr/journal/view.jsp?kj=GCSHCI&py=2013&vnc=v38An9&sp=759},
  doi      = {10.7840/kics.2013.38A.9.759},
  number   = {9},
  journal  = {The Journal of Korea Information and Communications Society},
  author   = {Koo, Namhun and Jo, Gooc Hwa and Kwon, Soonhak},
  year     = {2013},
  month    = sep,
  pages    = {759â€“764},
  language = {en}
}

 @book{Farebrother_1988,
  address    = {New York},
  series     = {Statistics, textbooks and monographs},
  title      = {Linear least squares computations},
  isbn       = {9780824776619},
  callnumber = {QA275 .F27 1988},
  publisher  = {Marcel Dekker},
  author     = {Farebrother, R. W.},
  year       = {1988},
  collection = {Statistics, textbooks and monographs}
}
